<?xml version="1.0" encoding="UTF-8"?><collection xmlns="http://www.loc.gov/MARC21/slim"><record><leader>00313nam--2200121-i-4500</leader><controlfield tag="001">000050277</controlfield><controlfield tag="002">20161230</controlfield><controlfield tag="005">20161230201048</controlfield><controlfield tag="008">060222s1000------------r-----000-0-eng-d</controlfield><datafield ind1=" " ind2=" " tag="100"><subfield code="a">Balickii,A.V</subfield></datafield><datafield ind1=" " ind2=" " tag="245"><subfield code="a">Tehnologiia izgotovleniia vakumnoi apparatury</subfield></datafield><datafield ind1=" " ind2=" " tag="260"><subfield code="a">Moskva, Gosenergoizdat, 1959. 215 S</subfield></datafield><datafield ind1=" " ind2=" " tag="852"><subfield code="a">6640</subfield></datafield></record></collection>